%%% Bibliografia:
 
@Book{Odersky:2011:PIS,
  author =       "Mark Odersky, Lex Spoon, Bill Venners",
  title =        "Programming in Scala",
  publisher =    "Artima Inc",
  edition =      "Second",
  pages =        "852",
  year =         "2011",
  ISBN =         "0981531644",
  ISBN-13 =      "978-0981531649",
  keywords =     "Scala",
}
